@mastersthesis{BA-Michael,
AUTHOR={Michael Rademacher},
title={{Lanstrecken-WLAN-Verbindungen f\"ur Wireless Mesh-Netzwerke}},
school={FH-SWF Meschede},
year={2011},
month={Mar},
type={Bachelor Thesis}}

% change me if accepted

@INPROCEEDINGS{africom-tvws,
  author={Batroff, Phillip and Aliu, O.G. and , Schuetz, Eric and Kretschmer, Mathias and Niephaus, Christian and Jonas, Karl},
  booktitle = {Fifth International IEEE EAI Conference on e-Infrastructure and eServices for Developing Counties},
  title={Unified Solution Towards Deoployment of TV White Space in Africa},
  year = {2013},
  month = {Oct}}
  
@INPROCEEDINGS{africom,
  author={Michael Rademacher and Mathias Kretschmer and Karl Jonas},
  booktitle = {Fifth International IEEE EAI Conference on e-Infrastructure and eServices for Developing Countries},
  title={Exploiting IEEE802.11n MIMO Technology for Cost-Effective Broadband Back-Hauling},
  year = {2013},
  month = {Oct}}

%standards

@article{ieee-802.11-2007,
  key = {ieee},
  journal = {{IEEE} Std 802.11-2007 (Revision of {{IEEE}} Std 802.11-1999)},
  title={IEEE Standard for Information Technology - Telecommunications and Information Exchange Between Systems - Local and Metropolitan Area Networks - Specific Requirements - Part 11: Wireless LAN Medium Access Control (MAC) and Physical Layer (PHY) Specifications}, 
  pages = {1-1076},
  year = {2007},
  month = {Dec}
}

@article{ieee-802.11n-2009, 
key = {ieee},
journal={{{IEEE}} Std 802.11n-2009(Amendment to {{IEEE}} Std 802.11-2007)}, 
title={IEEE Standard for Information technology- Local and metropolitan area networks-- Specific requirements- Part 11: Wireless LAN Medium Access Control (MAC)and Physical Layer (PHY) Specifications Amendment 5: Enhancements for Higher Throughput},
year={2009}, 
month={Sep}, 
pages={1 -565}, 
}

@article{ieee-802.11-2012, 
key = {ieee},
journal={{{IEEE}} Std 802.11-2012 (Revision of {{IEEE}} Std 802.11-2007)},
title={IEEE Standard for Information technology-Telecommunications and information exchange between systems Local and metropolitan area networks-Specific requirements Part 11: Wireless LAN Medium Access Control (MAC) and Physical Layer (PHY) Specifications},
year={2012}, 
month={Feb}, 
pages={1-2793}}


@ARTICLE{ieee-1588-2008, 
key = {ieee},
journal={{IEEE} Std 1588-2008 (Revision of IEEE Std 1588-2002)}, 
title={IEEE Standard for a Precision Clock Synchronization Protocol for Networked Measurement and Control Systems}, 
year={2008}}

@techreport{itu93g114,
    author = {It, U.},
    institution = {International Telecommunication Union},
    location = {Switzerland},
    title = {{ITU-T} Recommendation {G}.114},
    year = {2003},
    month = {May}}


@ARTICLE{ieee-802.5-2001, 
key = {ieee},
journal={IEEE 802.5v-2001}, 
title={IEEE Standard for Information Technology - Telecommunications and Information Exchange Between Systems - Local and Metropolitan Area Networks - Specific Requirements. Part 5: Token Ring Access Method and Physical Layer Specifications. Amendment 5: Gigabit Token Ring Operation}, 
year={2001}}

% Books and MISC Paper

@BOOK{Rech2012,
        AUTHOR = {Rech, J\"org},
        YEAR = {2012},
        TITLE = {Wireless LANs: 802.11-WLAN-Technologie und praktische Umsetzung im Detail},
        EDITION = {4.},
        PUBLISHER = {Heise Heinz},
        ADDRESS = {Hannover}}

@BOOK{Perahia2010,
        AUTHOR = {Perahia, Eldad AND Stacey, Robert},
        YEAR = {2010},
        TITLE = {Next Generation Wireless LANs - Throughput, Robustness, and Reliability in 802.11n},
        EDITION = {1.},
        PUBLISHER = {Cambridge University Press},
        ADDRESS = {Cambridge}}
@BOOK{Lueders2007,
        AUTHOR = {L\"uders, Christian},
        YEAR = {2007},
        TITLE = {Lokale Funknetze - Wireless LANs ({IEEE} 802.11), Bluetooth, DECT},
        EDITION = {1.},
        PUBLISHER = {Vogel Verlag Und Druck},
        ADDRESS = {W\"urzburg}}
@BOOK{Bing2008,
	AUTHOR = {Bing, Benny},
	YEAR = {2008},
	TITLE = {Emerging Technologies in Wireless LANs - Theory, Design, and Deployment},
	EDITION = {1.},
	PUBLISHER = {Cambridge University Press},
	ADDRESS = {Cambridge}}
	

@ARTICLE{11nmac, 
author={Skordoulis, D. and Qiang Ni and Hsiao-Hwa Chen and Stephens, A.P. and Changwen Liu and Jamalipour, A.}, 
journal={{IEEE} Transactions on Wireless Communications},
title={{{IEEE}} 802.11n MAC frame aggregation mechanisms for next-generation high-throughput WLANs}, 
year={2008}, 
month={Feb}, 
volume={15}, 
number={1}, 
pages={40-47}}


@Article{buffer,
 journal = {Linux J.},
 title = {Queueing in the Linux Network Stack},
 author = {Dan Siemon},
 year = {2013},
 volume = {231},
 month = {Jul},
 publisher = {Belltown Media},
 address = {Houston}}


% Paper-Modells 

@ARTICLE{Bianchi2000, 
author={Bianchi, G.}, 
journal={{IEEE} Journal on Selected Areas in Communications}, 
title={Performance analysis of the {IEEE} 802.11 distributed coordination function}, 
year={1998}, 
volume={18}, 
number={3}, 
pages={535-547}}

@INPROCEEDINGS{Bianchi2004, 
author={Tinnirello, I. and Bianchi, G. and Scalia, L.}, 
booktitle={Global Telecommunications Conference, {IEEE}}, 
title={Performance evaluation of differentiated access mechanisms effectiveness in 802.11 networks}, 
year={2004}, 
volume={5}, 
pages={3007-3011}}

@ARTICLE{Bianchi2005, 
author={Bianchi, G. and Tinnirello, I.}, 
journal={Communications Letters, {IEEE}}, 
title={Remarks on {IEEE} 802.11 DCF performance analysis}, 
year={2005}, 
volume={9}, 
number={8}, 
pages={765-767}}

@ARTICLE{Cantieni2000,
    author = {Gion Reto Cantieni and Qiang Ni and Chadi Barakat and Thierry Turletti and Plan√®te Group and Inria Sophia Antipolis},
    title = {Performance analysis under finite load and improvements for multirate 802.11},
    journal = {Elsivier Computer Communications},
    year= {2000},
    pages = {1095-1109}}

@INPROCEEDINGS{Cali1998, 
author={Cali, F. and Conti, M. and Gregori, E.}, 
booktitle={Seventeenth Annual Joint Conference of the {IEEE} Computer and Communications Societies}, 
title={{IEEE} 802.11 wireless LAN: capacity analysis and protocol enhancement}, 
year={1998}, 
pages={142-149}}

@ARTICLE{Cali2000, 
author={Cali, F. and Conti, M. and Gregori, Enrico}, 
journal={{IEEE}/ACM Transactions on Networking}, 
title={Dynamic tuning of the {IEEE} 802.11 protocol to achieve a theoretical throughput limit}, 
year={2000}, 
volume={8}, 
number={6}, 
pages={785-799}}

@ARTICLE{Dong2005, 
author={Dong, X.J. and Varaiya, P.}, 
journal={Communications Letters, {IEEE}}, 
title={Saturation throughput analysis of {IEEE} 802.11 wireless LANs for a lossy channel}, 
year={2005}, 
volume={9}, 
number={2}, 
pages={100-102}}


@INPROCEEDINGS{Alizadeh-Shabdiz03,
    author = {Farshid Alizadeh-Shabdiz and Suresh Subramaniam},
    title = {A Finite Load Analytical Model for the {IEEE} 802.11 Distributed Coordination Function MAC},
    booktitle = {Workshop Modeling Optimization Mobile Ad Hoc Wireless Networks},
    year = {2003},
    pages = {321-322}}


@ARTICLE{Ren2010, 
author={Ren Ping Liu and Sutton, G.J. and Collings, I.B.}, 
journal={{IEEE} Transactions on Wireless Communications}, 
title={A New Queueing Model for QoS Analysis of {IEEE} 802.11 DCF with Finite Buffer and Load}, 
year={2010}, 
volume={9}, 
number={8}, 
pages={2664-2675}}


@INPROCEEDINGS{Hou2003, 
author={Ting-Chao Hou and Ling-Fan Tsao and Hsin-Chiao Liu}, 
booktitle={58th {IEEE} Vehicular Technology Conference}, 
title={Analyzing the throughput of {IEEE} 802.11 DCF scheme with hidden nodes}, 
year={2003}, 
pages={2870-2874}}

@ARTICLE{Huang2007, 
author={Huang, Ching-Ling and Wanjiun Liao}, 
journal={{IEEE} Transactions on Wireless Communications}, 
title={Throughput and delay performance of {IEEE} 802.11e enhanced distributed channel access (EDCA) under saturation condition}, 
year={2007}, 
volume={6}, 
number={1}, 
pages={136-145}}

@ARTICLE{Robinson2004, 
author={Robinson, J.W. and Randhawa, T.S.}, 
journal={{IEEE} Journal on Selected Areas in Communications}, 
title={Saturation throughput analysis of {IEEE} 802.11e enhanced distributed coordination function}, 
year={2004}, 
volume={22}, 
number={5}, 
pages={917-928}}

@INPROCEEDINGS{Qiao2001, 
author={Qiao, D. and Sunghyun Choi}, 
booktitle={{IEEE} International Conference on Communications}, 
title={Goodput enhancement of {IEEE} 802.11a wireless LAN via link adaptation}, 
year={2001}, 
volume={7}, 
pages={1995-2000}}

@INPROCEEDINGS{Chen2006, 
author={Ye Chen and Emeott, S. and Choudhury, R.R.}, 
booktitle={Global Telecommunications Conference, {IEEE}}, 
title={WLC24-6: An Analytical Model of Block Acknowledgement and Selective Retransmission in an 802.11e WLAN Network}, 
year={2006}, 
pages={1-5}}


@INPROCEEDINGS{Martorell2011, 
author={Martorell, G. and Riera-Palou, F. and Femenias, G.}, 
booktitle={{IEEE} International Conference on Communications}, 
title={DCF Performance Analysis of Open- and Closed-Loop Adaptive {IEEE} 802.11n Networks}, 
year={2011}, 
pages={1-5}}

@INPROCEEDINGS{Yan2008, 
author={Yong Yan and Xiaowen Chu}, 
booktitle={{IEEE} International Conference on Communications}, 
title={An Analytical Model for {IEEE} 802.11 Point-To-Point Link}, 
year={2008}, 
pages={2536-2540}}

@ARTICLE{Reigadas2010, 
author={Simo Reigadas, J. and Martinez-Fernandez, A. and Ramos-Lopez, J. and Seoane-Pascual, J.}, 
journal={{IEEE} Transactions on Mobile Computing}, 
title={Modeling and Optimizing {IEEE} 802.11 DCF for Long-Distance Links}, 
year={2010}, 
volume={9}, 
number={6}, 
pages={881-896}}


@article{Yin2005,
 author = {Yin, Jun and Wang, Xiaodong and Agrawal, Dharma P.},
 title = {Modeling and optimization of wireless local area network},
 journal = {Computer  Communication},
 volume = {28},
 mont={Jun},
 number = {10},
 year = {2005},
 pages = {1204-1213}} 
 
 
@article {Chatzimisios2005,
author = {Chatzimisios, P. and Boucouvalas, A. C. and Vitsas, V.},
title = {Performance analysis of the IEEE 802.11 MAC protocol for wireless LANs},
journal = {International Journal of Communication Systems},
volume = {18},
number = {6},
publisher = {John Wiley & Sons, Ltd.},
pages = {545-569},
year = {2005}}

%Block ACK-Paper 

@INPROCEEDINGS{block_ack_e, 
author={Tinnirello, I. and Sunghyun Choi}, 
booktitle={IEEE International Conference on Communications}, 
title={Efficiency analysis of burst transmissions with block ACK in contention-based 802.11e WLANs}, 
year={2005}, 
volume={5}}

@INPROCEEDINGS{block_ack_e_2, 
author={Hongyuan Chen}, 
booktitle={International Conference on Computer Application and System Modeling}, 
title={Throughput Analysis of Block-Ack in IEEE 802.11n}, 
year={2012}, 
volume={2}}

@inproceedings{block_ack_n,
  title={Frame aggregation and optimal frame size adaptation for IEEE 802.11 n WLANs},
  author={Lin, Yuxia and Wong, Vincent WS},
  booktitle={Global Telecommunications Conference, {IEEE}},
  pages={1-6},
  year={2006},
  organization={IEEE}}

% EDCA Papers

@ARTICLE{Hui2005, 
author={Jie Hui and Devetsikiotis, M.}, 
journal={{IEEE} Transactions on Communications}, 
title={A unified model for the performance analysis of {IEEE} 802.11e EDCA}, 
year={2005}, 
volume={53}, 
number={9}, 
pages={1498-1510}}
 
@ARTICLE{Kong2004, 
author={Zhen-Ning Kong and Tsang, D. H K and Bensaou, B. and Deyun Gao}, 
journal={{IEEE} Journal on Selected Areas in Communications}, 
title={Performance analysis of {IEEE} 802.11e contention-based channel access}, 
year={2004}, 
volume={22}, 
number={10}, 
pages={2095-2106}}

@INPROCEEDINGS{Engelstad2005, 
author={Engelstad, P.E. and Osterbo, O.N.}, 
booktitle={The {IEEE} Conference on Local Computer Networks}, 
title={Delay and Throughput Analysis of {IEEE} 802.11e EDCA with Starvation Prediction}, 
year={2005}, 
pages={647-655}}

@INPROCEEDINGS{Mangold2003, 
author={Mangold, S. and Hiertz, G.R. and Walke, B.}, 
booktitle={Proceedings on 14th {IEEE} Personal, Indoor and Mobile Radio Communications}, 
title={{IEEE} 802.11e wireless LAN - resource sharing with contention based medium access}, 
year={2003}, 
volume={3}, 
pages={2019-2026}}

@ARTICLE{Banchs2005, 
author={Banchs, A. and Vollero, L.}, 
journal={Communications Letters, {IEEE}}, 
title={A delay model for {IEEE} 802.11e EDCA}, 
year={2005}, 
volume={9}, 
number={6}, 
pages={508-510}}

@INPROCEEDINGS{Kuo2003, 
author={Yu-Liang Kuo and Chi-Hung Lu and Eric Hsiao-Kuang Wu and Gen-Huey Chen and Yi-Hsien Tseng}, 
booktitle={58th {IEEE} Vehicular Technology Conference}, 
title={Performance analysis of the enhanced distributed coordination function in the {IEEE} 802.11e}, 
year={2003}, 
volume={5}, 
pages={3488-3492}}


@MISC{back_off_freezing,
    author = {E. Ziouva and T. Antonakopoulos and Eustathia Ziouva and Theodore Antonakopoulos},
    title = {Reprint CSMA/CA Performance under High Traffic Conditions: Throughput and Delay analysis},
    year = {2002},
    month = {Feb}}

@ARTICLE{anomalous_slots, 
author={Chuan Heng Foh and Tantra, J.W.}, 
journal={Communications Letters, IEEE}, 
title={Comments on IEEE 802.11 saturation throughput analysis with freezing of backoff counters}, 
year={2005}, 
volume={9}, 
number={2}, 
pages={130-132}}

@ARTICLE{slot_differentiation, 
author={Tinnirello, I. and Bianchi, G. and Yang Xiao}, 
journal={{IEEE} Transactions on Vehicular Technology}, 
title={Refinements on IEEE 802.11 Distributed Coordination Function Modeling Approaches}, 
year={2010}, 
volume={59}, 
number={3}, 
pages={1055-1067}}

 
% Paper Long distance Links

@inproceedings{Patra2007,
 author = {Patra, Rabin and Nedevschi, Sergiu and Surana, Sonesh and Sheth, Anmol and Subramanian, Lakshminarayanan and Brewer, Eric},
 title = {WiLdnet: design and implementation of high performancewifi based long distance networks},
 booktitle = {Proceedings of the 4th USENIX conference on Networked systems design and implementation},
 year = {2007},
 location = {Cambridge, MA}} 
 
% WiLD Deployments
 
@ARTICLE{deploy1, 
author={Surana, S. and Patra, R. and Nedevschi, S. and Brewer, E.}, 
journal={Computer}, 
title={Deploying a Rural Wireless Telemedicine System: Experiences in Sustainability}, 
year={2008}, 
volume={41}, 
number={6}, 
pages={48-56}}

@ARTICLE{deploy2, 
author={Raman, B. and Chebrolu, K.}, 
journal={{IEEE} Communications Magazine}, 
title={Experiences in using WiFi for rural internet in India}, 
year={2007}, 
volume={45}, 
number={1}, 
pages={104-110}}

@INPROCEEDINGS{deploy3, 
author={Paudel, D.R. and Sato, K. and Gautam, B.P. and Shrestha, D.}, 
booktitle={Third Asian Himalayas International Conference on Internet}, 
title={Design and implementation of partial mesh community wireless network in Himalayan region}, 
year={2012}, 
pages={1-6}}


@article{deploy4,
    author = {Mart√≠nez-Fern√°ndez, A. and L√≥pez, Diego M.},
    journal = {Telemedicine journal and e-health},
    month = {Jun},
    number = {4},
    pages = {451-459},
    title = {{Rural telemedicine infrastructure and services in the Department of Cauca, Colombia.}},
    volume = {11},
    year = {2005}}


@INPROCEEDINGS{deploy-wiback, 
author={Henkel, D. and Englander, S. and Kretschmer, M. and Niephaus, C.}, 
booktitle={GLOBECOM Workshops}, 
title={Connecting the unconnected; Economic constraints and technical requirements towards a back-haul network for rural areas}, 
year={2011}, 
pages={1039-1044}}
 

 
% Paper realy close
@INPROCEEDINGS{Leung2002,
author={Leung, K.K. and McNair, B. and Cimini, L.J. and Winters, J.H.},
booktitle={{IEEE} International Conference on Communications},
title={Outdoor IEEE 802.11 cellular networks: MAC protocol design and performance},
year={2002},
volume={1},
pages={595-599}}


@ARTICLE{Reigadas2008,
author={{Simo-Reigadas}, J. and Martinez-Fernandez, A. and Ramos-Lopez, J. and Seoane-Pascual, J.},
journal={{IEEE} Transactions on Mobile Computing},
title={Modeling and Optimizing IEEE 802.11 DCF for Long-Distance Links},
year={2010},
volume={9},
number={6},
pages={881-896}}

@inproceedings{Salmeron2008,
 author = {S Salmer√≥n-Ntutumu, J Sim√≥-Reigadas, Rabin Patra},
 title = {Comparison of MAC Protocols for 802.11-Based Long Distance Networks},
 booktitle = {Proceedings of the 1st Workshop Wireless For Development},
 year = {2008},
 month ={Aug},
 location = {Karlstad University, Sweden}} 

@article{Salmeron2007,
 author = {Ramiro, J and Martinez,A and Salmer√≥n,S and Sim√≥, J},
 title = {Traffic engineering in rural wireless networks for developing countries using IEEE 802.11 EDCA},
 journal = {Wireless Rural and Emergency Communications},
 year = {2007},
 month ={Jan}} 
 
 % Problems with simulations
@INPROCEEDINGS{Kefeng2010,
author={Kefeng Tan and Wu, D. and An Chan and Mohapatra, P.},
booktitle={IEEE International Symposium on a World of Wireless Mobile and Multimedia Networks},
title={Comparing simulation tools and experimental testbeds for wireless mesh networks},
year={2010},
pages={1-9}}

@inproceedings{Kotz2004,
 author = {Kotz, David and Newport, Calvin and Gray, Robert S. and Liu, Jason and Yuan, Yougu and Elliott, Chip},
 title = {Experimental evaluation of wireless simulation assumptions},
 booktitle = {Proceedings of the 7th ACM international symposium on Modeling, analysis and simulation of wireless and mobile systems},
 year = {2004},
 pages = {78-82}} 
 
@INPROCEEDINGS{Kretschmer2012, 
author={Kretschmer, M. and Horstmann, T. and Batroff, P. and Rademacher, M. and Ghinea, G.}, 
booktitle={18th Asia-Pacific Conference on Communications}, 
title={Link calibration and property estimation in self-managed wireless back-haul networks}, 
year={2012}, 
pages={232-237}} 
 


% Misc online
@misc{mac80211,
author = {Johannes Berg},
title = {{The 802.11 subsystems - for kernel developers}},
year = {2009},
howpublished="\url{http://wireless.kernel.org/80211books/}",
note = {Online; Accessed: 8-11-2013}}


@misc{airberry,
  title = {{Tailored Wireless Mesh Solutions}},
  author = {{Airberry GmbH}},
  year = {2012},
  howpublished="\url{http://www.airberry.com/}",
  note = {Online; Accessed: 12-12-2013}}

@misc{mgen,
    author = {Naval Research Laboratory},
    title = {{MGEN - The Multi-Generator Toolset}},
    year = {2004},
    howpublished="\url{http://cs.itd.nrl.navy.mil/work/mgen/index.php}",
    note = {Online; Accessed: 09-11-2013}}

@misc{senf,
    key={senf},
    title = {{SENF: The Simple and Extensible Network Framework}},
    year = {2010},
    howpublished="\url{http://senf.berlios.de/api/trunk/doc/html/}",
    note = {Online; Accessed: 09-11-2013}}

@misc{clock_drift,
    author = {Windl, Ulrich and Dalton, David},
    title = {{The NTP FAQ and HOWTO: Understanding and using the Network Time Protocol - Frequency Error}},
    year = {2006},
    month = {Nov},
    howpublished="\url{http://www.ntp.org/ntpfaq/NTP-s-sw-clocks-quality.htm}",
    note = {Online; Accessed: 09-11-2013}}

@misc{ptpd2,
    title = {{Precision Time Protocol Daemon - ptpd2}},
    author = {Evan Harris},
    year = {2013},
    month = {Apr},
    howpublished="\url{http://sourceforge.net/projects/ptpd2/}",
    note = {Online; Accessed: 10-11-2013}}
    
@misc{tsft,
    title = {{radiotap.org defined-fields/TSFT}},
    author = {JohannesBerg},
    year = {2007},
    month = {Dec},
    howpublished="\url{http://www.radiotap.org/defined-fields/TSFT}",
    note = {Online; Accessed: 12-11-2013}}
@misc{amsix,
    title = {{Frame size distribution}},
    author = {{Amsterdam Internet Exchange}},
    year = {2013},
    month = {Nov},
    howpublished="\url{https://www.ams-ix.net/technical/statistics/sflow-stats/frame-size-distribution}",
    note = {Online; Accessed: 14-11-2013}}
    
@misc{ath9k-dev,
  title = {About ath9k},
  author = {{Linux Wireless}},
  year = {2012},
  howpublished = "\url{http://linuxwireless.org/en/users/Drivers/ath9k}",
  note = {Accessed: 10-11-2013}}

@misc{ubiquiti_airfiber,
  title = {airFiber Carrier Class Point-to-Point Gigabit Radio},
  author = {Ubiquiti networks},
  year = {2013},
  howpublished = "\url{http://dl.ubnt.com/datasheets/airfiber/airFiber_DS.pdf}",
  note = {Accessed: 03-01-2014}}

@misc{network-flow-diagramm,
  title = {NUSE: Networking Stack in Userspace},
  author = {Sangjin Han},
  institution = {UC Berkeley},
  year = {2013},
  howpublished = "\url{http://www.eecs.berkeley.edu/~sangjin/2013/01/14/NUSE.html}",
  note = {Accessed: 22/11/2013}}

@misc{cisco-voip,
  title = {Voice Over IP - Per Call Bandwidth Consumption},
  author = {Cisco Press},
  year = {2006},
  howpublished="\url{http://www.cisco.com/en/US/tech/tk652/tk698/technologies_tech_note09186a0080094ae2.shtml}",
  note = {Accessed: 28/12/2013}}
  
@inproceedings{mascolo2001tcp,
  title={TCP westwood: Bandwidth estimation for enhanced transport over wireless links},
  author={Mascolo, Saverio and Casetti, Claudio and Gerla, Mario and Sanadidi, Medy Y and Wang, Ren},
  booktitle={Proceedings of the 7th annual international conference on Mobile computing and networking},
  pages={287-297},
  year={2001}}
  
  @article{balakrishnan1997comparison,
  title={A comparison of mechanisms for improving TCP performance over wireless links},
  author={Balakrishnan, Hari and Padmanabhan, Venkata N and Seshan, Srinivasan and Katz, Randy H},
  journal={, IEEE/ACM Transactions on Networking},
  volume={5},
  number={6},
  pages={756-769},
  year={1997}}

@inproceedings{mo1999analysis,
  title={Analysis and comparison of TCP Reno and Vegas},
  author={Mo, Jeonghoon and La, Richard J and Anantharam, Venkat and Walrand, Jean},
  booktitle={Eighteenth Annual Joint Conference of the IEEE Computer and Communications Societies},
  volume={3},
  pages={1556-1563},
  year={1999}}


% Mathematics and misc


@book{MATLAB2013,
year = {2013},
author = {MATLAB},
title = {{8.1.0.604 (R2013a)}},
publisher = {The MathWorks Inc.},
address = {Natick, Massachusetts}
}


@book{Pitman1995,
  title={Probability},
  author={Pitman, J.},
  series={Springer texts in statistics},
  year={1995},
  publisher={Springer}
}

@BOOK{Serfozo1999,
	AUTHOR = {Serfozo, Richard},
	YEAR = {1999},
	TITLE = {Introduction to Stochastic Networks},
	PUBLISHER = {Springer},
	ADDRESS = {Berlin, Heidelberg},
}

@BOOK{Hopp2011,
	AUTHOR = {Hopp, Wallace J. AND Spearman, Mark L.},
	YEAR = {2011},
	TITLE = {Factory Physics},
	EDITION = {3.},
	PUBLISHER = {Waveland Press},
	ADDRESS = {Reading},
}

@BOOK{DOE,
	AUTHOR = {Antony, Jiju},
	YEAR = {2003},
	TITLE = {Design of Experiments for Engineers and Scientists},
	EDITION = {1.},
	PUBLISHER = {Butterworth-Heinemann},
	ADDRESS = {Oxford}}

@BOOK{Lange2013,
	AUTHOR = {Lange, Kenneth},
	YEAR = {2013},
	TITLE = {Optimization},
	EDITION = {2.},
	PUBLISHER = {Springer},
	ADDRESS = {Berlin, Heidelberg}}

@BOOK{Collette2003,
	AUTHOR = {Collette, Yann AND Siarry, Patrick},
	YEAR = {2003},
	TITLE = {Multiobjective Optimization - Principles and Case Studies},
	EDITION = {2.},
	PUBLISHER = {Springer},
	ADDRESS = {Berlin, Heidelberg}}

@techreport{fairnessindex,
  title={Throughput fairness index: An explanation},
  author={Jain, Raj and Durresi, Arjan and Babic, Gojko},
  institution={Ohio State University},
  year={1999}}

@article{jain1984quantitative,
  title={A quantitative measure of fairness and discrimination for resource allocation in shared computer system},
  author={Jain, Raj and Chiu, Dah-Ming and Hawe, William R},
  year={1984},
  publisher={Eastern Research Laboratory, Digital Equipment Corporation}}



% Time sync stuff
@inproceedings{behrendt2006,
  title={The perfect time: An examination of time-synchronization techniques},
  author={Behrendt, Ken and Fodero, Ken and others},
  booktitle={Proceedings of the 60th Annual Georgia Tech Protective Relaying Conference},
  year={2006}}

@BOOK{Eidson2006,
	AUTHOR = {Eidson, John C.},
	YEAR = {2006},
	TITLE = {Measurement, Control, and Communication Using IEEE 1588},
	ISBN = {978-1-846-28251-5},
	PUBLISHER = {Springer},
	ADDRESS = {Berlin, Heidelberg}}

%D different MAC layer

@article {softmac,
author = {Eznarriaga, Lucas and Senguly, Cigdem and Bayer, Nico},
title = {Experiences with SoftToken: a token-based coordination layer for WLANs},
journal = {International Journal of Communication Systems},
issn = {1099-1131},
year = {2013}}

% Bundesnetzagentur 

@techreport{bfwa58,
  title={{Allgemeinzuteilung der Frequenzen im Frequenzbereich 5755 MHz ‚Äì 5875 MHz f√ºr gewerblich √∂ffentliche, breitbandige, ortsfeste Verteilsysteme; Broadband Fixed Wireless Access (BFWA).
  Vfg. 47}},
  institution={Bundesnetzagentur},
  key={Bundesnetzagentur},
  year={2007}}







 

