% This file was created with JabRef 2.10b2.
% Encoding: ISO8859_1


@Article{deeplabv3plus2018,
  Title                    = {Encoder-Decoder with Atrous Separable Convolution for Semantic Image Segmentation},
  Author                   = {Liang-Chieh Chen and Yukun Zhu and George Papandreou and Florian Schroff and Hartwig Adam},
  Journal                  = {arXiv:1802.02611},
  Year                     = {2018}
}

@Article{DBLP:journals/corr/FischerDIHHGSCB15,
  Title                    = {FlowNet: Learning Optical Flow with Convolutional Networks},
  Author                   = {Philipp Fischer and Alexey Dosovitskiy and Eddy Ilg and Philip H{\"{a}}usser and Caner Hazirbas and Vladimir Golkov and Patrick van der Smagt and Daniel Cremers and Thomas Brox},
  Journal                  = {CoRR},
  Year                     = {2015},
  Volume                   = {abs/1504.06852},

  Archiveprefix            = {arXiv},
  Bibsource                = {dblp computer science bibliography, https://dblp.org},
  Biburl                   = {https://dblp.org/rec/bib/journals/corr/FischerDIHHGSCB15},
  Eprint                   = {1504.06852},
  Timestamp                = {Wed, 07 Jun 2017 14:41:04 +0200},
  Url                      = {http://arxiv.org/abs/1504.06852}
}

@Article{DBLP:journals/corr/abs-1709-00849,
  Title                    = {Dataset Augmentation with Synthetic Images Improves Semantic Segmentation},
  Author                   = {Param S. Rajpura and Manik Goyal and Hristo Bojinov and Ravi S. Hegde},
  Journal                  = {CoRR},
  Year                     = {2017},
  Volume                   = {abs/1709.00849},

  Archiveprefix            = {arXiv},
  Bibsource                = {dblp computer science bibliography, https://dblp.org},
  Biburl                   = {https://dblp.org/rec/bib/journals/corr/abs-1709-00849},
  Eprint                   = {1709.00849},
  Timestamp                = {Thu, 05 Oct 2017 09:43:01 +0200},
  Url                      = {http://arxiv.org/abs/1709.00849}
}

@InProceedings{RosCVPR16,
  Title                    = { {The SYNTHIA Dataset}: A Large Collection of Synthetic Images for Semantic Segmentation of Urban Scenes},
  Author                   = {German Ros and Laura Sellart and Joanna Materzynska and David Vazquez and Antonio Lopez},
  Booktitle                = CVPR,
  Year                     = {2016}
}

@InProceedings{mobilenetv22018,
  Title                    = {Inverted Residuals and Linear Bottlenecks: Mobile Networks for Classification, Detection and Segmentation},
  Author                   = {Mark Sandler and Andrew Howard and Menglong Zhu and Andrey Zhmoginov and Liang-Chieh Chen},
  Booktitle                = {CVPR},
  Year                     = {2018}
}

@Article{DBLP:journals/corr/ZhaoQSSJ17,
  Title                    = {ICNet for Real-Time Semantic Segmentation on High-Resolution Images},
  Author                   = {Hengshuang Zhao and Xiaojuan Qi and Xiaoyong Shen and Jianping Shi and Jiaya Jia},
  Journal                  = {CoRR},
  Year                     = {2017},
  Volume                   = {abs/1704.08545},

  Archiveprefix            = {arXiv},
  Bibsource                = {dblp computer science bibliography, https://dblp.org},
  Biburl                   = {https://dblp.org/rec/bib/journals/corr/ZhaoQSSJ17},
  Eprint                   = {1704.08545},
  Timestamp                = {Wed, 07 Jun 2017 14:40:18 +0200},
  Url                      = {http://arxiv.org/abs/1704.08545}
}

@Article{DBLP:journals/corr/ZhaoSQWJ16,
  Title                    = {Pyramid Scene Parsing Network},
  Author                   = {Hengshuang Zhao and Jianping Shi and Xiaojuan Qi and Xiaogang Wang and Jiaya Jia},
  Journal                  = {CoRR},
  Year                     = {2016},
  Volume                   = {abs/1612.01105},

  Archiveprefix            = {arXiv},
  Bibsource                = {dblp computer science bibliography, https://dblp.org},
  Biburl                   = {https://dblp.org/rec/bib/journals/corr/ZhaoSQWJ16},
  Eprint                   = {1612.01105},
  Timestamp                = {Wed, 07 Jun 2017 14:43:14 +0200},
  Url                      = {http://arxiv.org/abs/1612.01105}
}

@Misc{cityscapes_leaderboard,
  Title                    = {Cityscapes leaderboad},

  Owner                    = {nareshguru77},
  Timestamp                = {2018.04.30},
  Url                      = {https://www.cityscapes-dataset.com/benchmarks/}
}

@Misc{github_robocup@work,
  Title                    = {github: robocup-at-work/rulebook/images},

  Owner                    = {nareshguru77},
  Timestamp                = {2018.04.23},
  Url                      = {https://github.com/robocup-at-work/rulebook/tree/master/images}
}

@Misc{google_images_download,
  Title                    = {github: hardikvasa/google-images-download},

  Owner                    = {nareshguru77},
  Timestamp                = {2018.04.30},
  Url                      = {https://github.com/hardikvasa/google-images-download}
}

@Misc{tf_models_deeplab,
  Title                    = {Tensorflow models: deeplab},

  Owner                    = {nareshguru77},
  Timestamp                = {2018.04.30},
  Url                      = {https://github.com/tensorflow/models/tree/master/research/deeplab}
}

@Misc{tf_models_mobilenetv2,
  Title                    = {Tensorflow models: MobileNetV2},

  Owner                    = {nareshguru77},
  Timestamp                = {2018.04.30},
  Url                      = {https://github.com/tensorflow/models/tree/master/research/slim/nets/mobilenet}
}

